<collection xmlns="http://www.loc.gov/MARC21/slim">
<record>
  <leader>01403nam0a2200289 i 450 </leader>
  <controlfield tag="001">IT\ICCU\CNCE\019773</controlfield>
  <controlfield tag="005">20071115000000.0</controlfield>
  <datafield tag="012" ind1=" " ind2=" ">
    <subfield code="a">aine a-ni r-ne lani (C) 1598 (A)</subfield>
    <subfield code="2">fei</subfield>
  </datafield>
  <datafield tag="100" ind1=" " ind2=" ">
    <subfield code="a">19970101d1598        0itac0103    ba</subfield>
  </datafield>
  <datafield tag="101" ind1=" " ind2=" ">
    <subfield code="a">ITA</subfield>
  </datafield>
  <datafield tag="102" ind1=" " ind2=" ">
    <subfield code="a">IT</subfield>
  </datafield>
  <datafield tag="200" ind1="1" ind2=" ">
    <subfield code="a">Capitoli et conditioni della pace et perpetua amicitia fatta fra Henrico IIII re christianiss. di Franza  et Filippo re cattolico di Spagna l&apos;anno 1598</subfield>
  </datafield>
  <datafield tag="210" ind1=" " ind2=" ">
    <subfield code="a">In Roma</subfield>
    <subfield code="d">et ristampata in Brescia</subfield>
    <subfield code="c">per Comino Presegno</subfield>
    <subfield code="d">1598</subfield>
  </datafield>
  <datafield tag="215" ind1=" " ind2=" ">
    <subfield code="a">\4! c.</subfield>
    <subfield code="d">4ʻ</subfield>
  </datafield>
  <datafield tag="620" ind1=" " ind2=" ">
    <subfield code="a">IT</subfield>
    <subfield code="d">Brescia</subfield>
  </datafield>
  <datafield tag="710" ind1="0" ind2="2">
    <subfield code="a">Francia</subfield>
    <subfield code="c"> &lt;Regno&gt;</subfield>
    <subfield code="3">IT\ICCU\CNCT\005550</subfield>
  </datafield>
  <datafield tag="702" ind1=" " ind2="0">
    <subfield code="a">Henri</subfield>
    <subfield code="c"> &lt;re di Francia</subfield>
    <subfield code="c"> ; 4.&gt;</subfield>
    <subfield code="3">IT\ICCU\CNCA\006465</subfield>
  </datafield>
  <datafield tag="702" ind1=" " ind2="0">
    <subfield code="a">Felipe</subfield>
    <subfield code="c"> &lt;re di Spagna</subfield>
    <subfield code="c"> ; 2.&gt;</subfield>
    <subfield code="3">IT\ICCU\CNCA\007101</subfield>
  </datafield>
  <datafield tag="712" ind1="0" ind2="0">
    <subfield code="a">Presegni, Comino</subfield>
    <subfield code="3">IT\ICCU\CNCT\000605</subfield>
    <subfield code="4">650</subfield>
  </datafield>
  <datafield tag="790" ind1=" " ind2="0">
    <subfield code="a">Enrico</subfield>
    <subfield code="c"> &lt;re di Francia</subfield>
    <subfield code="c"> ; 4.&gt;</subfield>
    <subfield code="3">IT\ICCU\CNCA\019686</subfield>
    <subfield code="z">Henri &lt;re di Francia ; 4.&gt;</subfield>
  </datafield>
  <datafield tag="790" ind1=" " ind2="0">
    <subfield code="a">Filippo</subfield>
    <subfield code="c"> &lt;re di Spagna</subfield>
    <subfield code="c"> ; 2&gt;</subfield>
    <subfield code="3">IT\ICCU\CNCA\018962</subfield>
    <subfield code="z">Felipe &lt;re di Spagna ; 2.&gt;</subfield>
  </datafield>
  <datafield tag="790" ind1=" " ind2="0">
    <subfield code="a">Philip</subfield>
    <subfield code="c"> &lt;re di Spagna</subfield>
    <subfield code="c"> ; 2.&gt;</subfield>
    <subfield code="3">IT\ICCU\CNCA\019356</subfield>
    <subfield code="z">Felipe &lt;re di Spagna ; 2.&gt;</subfield>
  </datafield>
  <datafield tag="791" ind1="0" ind2="0">
    <subfield code="a">Praesenius, Cominus</subfield>
    <subfield code="3">IT\ICCU\CNCT\002536</subfield>
    <subfield code="z">Presegni, Comino</subfield>
  </datafield>
  <datafield tag="791" ind1="0" ind2="0">
    <subfield code="a">Presegno, Comino</subfield>
    <subfield code="3">IT\ICCU\CNCT\005510</subfield>
    <subfield code="z">Presegni, Comino</subfield>
  </datafield>
  <datafield tag="801" ind1=" " ind2="3">
    <subfield code="a">IT</subfield>
    <subfield code="b">ICCU</subfield>
    <subfield code="c">20201114</subfield>
  </datafield>
  <datafield tag="899" ind1=" " ind2=" ">
    <subfield code="a">Biblioteca nazionale Braidense. Milano</subfield>
    <subfield code="1">MI0185</subfield>
    <subfield code="2">MIL NB</subfield>
  </datafield>
  <datafield tag="899" ind1=" " ind2=" ">
    <subfield code="a">Nuova biblioteca pubblica Luigi Fumi. Orvieto</subfield>
    <subfield code="1">TR0022</subfield>
    <subfield code="2">UM1 06</subfield>
  </datafield>
</record>
</collection>
